
	<marc:record>
		<marc:leader>01243nam a2200277 i 4500</marc:leader>
		<marc:controlfield tag="001">123461</marc:controlfield>
		<marc:datafield ind1="1" ind2="0" tag="240">
			<marc:subfield code="a">La Belle et la Bête</marc:subfield>
		</marc:datafield>
		<marc:datafield ind1="1" ind2=" " tag="100">
			<marc:subfield code="4">aut</marc:subfield>
			<marc:subfield code="a">Leprince de Beaumont, Jeanne-Marie</marc:subfield>
		</marc:datafield>
		<marc:datafield ind1="1" ind2="0" tag="245">
			<marc:subfield code="c">madame Leprince de Beaumont; édition présentée par Nicolas Saulais</marc:subfield>
			<marc:subfield code="a">La belle et la bête. Riquet à la houppe. La Belle aux cheveux d'or</marc:subfield>
			<marc:subfield code="p">La belle et la bête; Riquet à la houppe; La Belle aux cheveux d'or</marc:subfield>
		</marc:datafield>
		<marc:datafield ind1=" " ind2=" " tag="020">
			<marc:subfield code="a">978-2-09-188542-1</marc:subfield>
			<marc:subfield code="c">2,99€</marc:subfield>
		</marc:datafield>
		<marc:datafield ind1="3" ind2=" " tag="260">
			<marc:subfield code="c">23/08/2013</marc:subfield>
			<marc:subfield code="b">Nathan</marc:subfield>
			<marc:subfield code="a">Paris</marc:subfield>
		</marc:datafield>
		<marc:datafield ind1="0" ind2=" " tag="490">
			<marc:subfield code="a">Carrés classiques</marc:subfield>
		</marc:datafield>
		<marc:datafield ind1=" " ind2=" " tag="300">
			<marc:subfield code="a">91</marc:subfield>
			<marc:subfield code="c">15cm</marc:subfield>
		</marc:datafield>
		<marc:datafield ind1="0" ind2="4" tag="650">
			<marc:subfield code="a">Parascolaire</marc:subfield>
		</marc:datafield>
		<marc:datafield ind1="0" ind2="4" tag="650">
			<marc:subfield code="a">Enseignement secondaire / Littérature</marc:subfield>
		</marc:datafield>
	</marc:record>