
	<marc:record>
		<marc:leader>01246nam a2200277 i 4500</marc:leader>
		<marc:controlfield tag="001">123464</marc:controlfield>
		<marc:datafield ind1="1" ind2="0" tag="240">
			<marc:subfield code="a">Yvain ou Le chevalier au lion</marc:subfield>
		</marc:datafield>
		<marc:datafield ind1="1" ind2=" " tag="100">
			<marc:subfield code="4">aut</marc:subfield>
			<marc:subfield code="a">Chrétien de Troyes</marc:subfield>
		</marc:datafield>
		<marc:datafield ind1="1" ind2="0" tag="245">
			<marc:subfield code="c">Chrétien de Troyes; traduction en français moderne et appareil pédagogique établis par Hélène Dardelin; lexique établi par Michèle Sendre</marc:subfield>
			<marc:subfield code="a">Yvain ou Le chevalier au lion : extraits choisis</marc:subfield>
		</marc:datafield>
		<marc:datafield ind1="1" ind2=" " tag="700">
			<marc:subfield code="a">Dardelin, Hélène</marc:subfield>
			<marc:subfield code="4">trl</marc:subfield>
		</marc:datafield>
		<marc:datafield ind1=" " ind2=" " tag="020">
			<marc:subfield code="a">978-2-210-76091-2</marc:subfield>
			<marc:subfield code="c">2,95€</marc:subfield>
		</marc:datafield>
		<marc:datafield ind1="3" ind2=" " tag="260">
			<marc:subfield code="c">21/06/2013</marc:subfield>
			<marc:subfield code="b">Magnard</marc:subfield>
			<marc:subfield code="a">Paris</marc:subfield>
		</marc:datafield>
		<marc:datafield ind1="0" ind2=" " tag="490">
			<marc:subfield code="a">Classiques &amp; patrimoine</marc:subfield>
		</marc:datafield>
		<marc:datafield ind1=" " ind2=" " tag="300">
			<marc:subfield code="a">121</marc:subfield>
			<marc:subfield code="c">18cm</marc:subfield>
		</marc:datafield>
		<marc:datafield ind1="0" ind2="4" tag="650">
			<marc:subfield code="a">Poche</marc:subfield>
		</marc:datafield>
		<marc:datafield ind1="0" ind2="4" tag="650">
			<marc:subfield code="a">Parascolaire</marc:subfield>
		</marc:datafield>
		<marc:datafield ind1="0" ind2="4" tag="650">
			<marc:subfield code="a">Enseignement secondaire / Littérature</marc:subfield>
		</marc:datafield>
	</marc:record>