
	<marc:record>
		<marc:leader>01258nam a2200277 i 4500</marc:leader>
		<marc:controlfield tag="001">123476</marc:controlfield>
		<marc:datafield ind1="1" ind2="0" tag="240">
			<marc:subfield code="a">La guerre des boutons</marc:subfield>
		</marc:datafield>
		<marc:datafield ind1="1" ind2=" " tag="100">
			<marc:subfield code="a">Newman, Greg</marc:subfield>
			<marc:subfield code="4">aut</marc:subfield>
		</marc:datafield>
		<marc:datafield ind1="1" ind2=" " tag="700">
			<marc:subfield code="a">Glesser, Pierre</marc:subfield>
			<marc:subfield code="4">ill</marc:subfield>
		</marc:datafield>
		<marc:datafield ind1="1" ind2="0" tag="245">
			<marc:subfield code="c">scénario Greg Newman; dessin Pierre Glesser; d'après Louis Pergaud</marc:subfield>
			<marc:subfield code="a">La guerre des boutons</marc:subfield>
		</marc:datafield>
		<marc:datafield ind1="1" ind2=" " tag="700">
			<marc:subfield code="a">Glesser, Pierre (1958-....)</marc:subfield>
			<marc:subfield code="4">ill</marc:subfield>
		</marc:datafield>
		<marc:datafield ind1=" " ind2=" " tag="020">
			<marc:subfield code="a">978-2-916295-24-4</marc:subfield>
			<marc:subfield code="c">16,00€</marc:subfield>
		</marc:datafield>
		<marc:datafield ind1="3" ind2=" " tag="260">
			<marc:subfield code="c">28/01/2013</marc:subfield>
			<marc:subfield code="b">Dmodmo éditions</marc:subfield>
			<marc:subfield code="a">Dole (Jura)</marc:subfield>
		</marc:datafield>
		<marc:datafield ind1=" " ind2=" " tag="300">
			<marc:subfield code="a">93</marc:subfield>
			<marc:subfield code="c">24cm</marc:subfield>
		</marc:datafield>
		<marc:datafield ind1="0" ind2="4" tag="650">
			<marc:subfield code="a">Albums</marc:subfield>
		</marc:datafield>
		<marc:datafield ind1="0" ind2="4" tag="650">
			<marc:subfield code="a">Bandes dessinées / Bandes dessinées</marc:subfield>
		</marc:datafield>
	</marc:record>