
	<marc:record>
		<marc:leader>01259nam a2200277 i 4500</marc:leader>
		<marc:controlfield tag="001">123477</marc:controlfield>
		<marc:datafield ind1="1" ind2="0" tag="240">
			<marc:subfield code="a">Le professeur a disparu</marc:subfield>
		</marc:datafield>
		<marc:datafield ind1="1" ind2=" " tag="100">
			<marc:subfield code="a">Arrou-Vignod, Jean-Philippe</marc:subfield>
			<marc:subfield code="4">aut</marc:subfield>
		</marc:datafield>
		<marc:datafield ind1="1" ind2="0" tag="245">
			<marc:subfield code="c">Jean-Philippe Arrou-Vignod; lu par Olivier Chauvel</marc:subfield>
			<marc:subfield code="a">Le professeur a disparu</marc:subfield>
		</marc:datafield>
		<marc:datafield ind1="1" ind2=" " tag="700">
			<marc:subfield code="a">Chauvel, Olivier</marc:subfield>
			<marc:subfield code="4">nrt</marc:subfield>
		</marc:datafield>
		<marc:datafield ind1=" " ind2=" " tag="020">
			<marc:subfield code="a">978-2-07-051220-1</marc:subfield>
			<marc:subfield code="c">16,15€</marc:subfield>
		</marc:datafield>
		<marc:datafield ind1="3" ind2=" " tag="260">
			<marc:subfield code="c">24/01/2013</marc:subfield>
			<marc:subfield code="b">Gallimard-Jeunesse</marc:subfield>
			<marc:subfield code="a">Paris</marc:subfield>
		</marc:datafield>
		<marc:datafield ind1="0" ind2=" " tag="490">
			<marc:subfield code="a">Ecoutez lire</marc:subfield>
		</marc:datafield>
		<marc:datafield ind1="0" ind2="4" tag="650">
			<marc:subfield code="a">Documents sonores</marc:subfield>
		</marc:datafield>
		<marc:datafield ind1="0" ind2="4" tag="650">
			<marc:subfield code="a">Romans</marc:subfield>
		</marc:datafield>
		<marc:datafield ind1="0" ind2="4" tag="650">
			<marc:subfield code="a">Jeunesse - Eveil et Fiction / Roman</marc:subfield>
		</marc:datafield>
	</marc:record>