
	<marc:record>
		<marc:leader>01268nam a2200277 i 4500</marc:leader>
		<marc:controlfield tag="001">123486</marc:controlfield>
		<marc:datafield ind1="1" ind2="0" tag="240">
			<marc:subfield code="a">La petite bibliothèque du Père Castor</marc:subfield>
		</marc:datafield>
		<marc:datafield ind1="1" ind2="0" tag="245">
			<marc:subfield code="b">contes de toujours</marc:subfield>
			<marc:subfield code="c">illustrations Lucile Butel; Natha Caputo; illustrations Pierre Belvès; Béatrice Appia; conte populaire raconté et illustré par Étienne Morel; conte de Marie Colmont; illustrations Fedor Rojankovsky; Vassilissa; Romain Simon; Nathan Hale</marc:subfield>
		</marc:datafield>
		<marc:datafield ind1=" " ind2=" " tag="020">
			<marc:subfield code="a">978-2-08-128504-0</marc:subfield>
			<marc:subfield code="c">19,00€</marc:subfield>
		</marc:datafield>
		<marc:datafield ind1="3" ind2=" " tag="260">
			<marc:subfield code="c">17/10/2012</marc:subfield>
			<marc:subfield code="b">Père Castor-Flammarion</marc:subfield>
			<marc:subfield code="a">Paris</marc:subfield>
		</marc:datafield>
		<marc:datafield ind1="0" ind2=" " tag="490">
			<marc:subfield code="a">Les classiques du Père Castor</marc:subfield>
		</marc:datafield>
		<marc:datafield ind1=" " ind2=" " tag="300">
			<marc:subfield code="c">17cm</marc:subfield>
		</marc:datafield>
		<marc:datafield ind1="0" ind2="4" tag="650">
			<marc:subfield code="a">Eveil</marc:subfield>
		</marc:datafield>
		<marc:datafield ind1="0" ind2="4" tag="650">
			<marc:subfield code="a">Jeunesse - Eveil et Fiction / Histoires en images</marc:subfield>
		</marc:datafield>
	</marc:record>