
	<marc:record>
		<marc:leader>01280nam a2200277 i 4500</marc:leader>
		<marc:controlfield tag="001">123498</marc:controlfield>
		<marc:datafield ind1="1" ind2="0" tag="240">
			<marc:subfield code="a">Yvain ou Le chevalier au lion</marc:subfield>
		</marc:datafield>
		<marc:datafield ind1="1" ind2=" " tag="100">
			<marc:subfield code="4">aut</marc:subfield>
			<marc:subfield code="a">Chrétien de Troyes</marc:subfield>
		</marc:datafield>
		<marc:datafield ind1="1" ind2="0" tag="245">
			<marc:subfield code="c">Chrétien de Troyes; traduction de Michel Rousse adaptée; présentation, notes, chronologie et dossier par Marie-Louise Astre; cahier photos par Marie-Anne de Béru</marc:subfield>
			<marc:subfield code="a">Yvain ou Le chevalier au lion : extraits</marc:subfield>
		</marc:datafield>
		<marc:datafield ind1="1" ind2=" " tag="700">
			<marc:subfield code="a">Rousse, Michel</marc:subfield>
			<marc:subfield code="4">trl</marc:subfield>
		</marc:datafield>
		<marc:datafield ind1="1" ind2=" " tag="700">
			<marc:subfield code="a">Béru, Marie-Anne de</marc:subfield>
			<marc:subfield code="4">ctb</marc:subfield>
		</marc:datafield>
		<marc:datafield ind1=" " ind2=" " tag="020">
			<marc:subfield code="a">978-2-08-128595-8</marc:subfield>
			<marc:subfield code="c">2,80€</marc:subfield>
		</marc:datafield>
		<marc:datafield ind1="3" ind2=" " tag="260">
			<marc:subfield code="c">29/08/2012</marc:subfield>
			<marc:subfield code="b">Flammarion</marc:subfield>
			<marc:subfield code="a">Paris</marc:subfield>
		</marc:datafield>
		<marc:datafield ind1="0" ind2=" " tag="490">
			<marc:subfield code="a">GF</marc:subfield>
		</marc:datafield>
		<marc:datafield ind1=" " ind2=" " tag="300">
			<marc:subfield code="a">159</marc:subfield>
			<marc:subfield code="c">18cm</marc:subfield>
		</marc:datafield>
		<marc:datafield ind1="0" ind2="4" tag="650">
			<marc:subfield code="a">Poche</marc:subfield>
		</marc:datafield>
		<marc:datafield ind1="0" ind2="4" tag="650">
			<marc:subfield code="a">Parascolaire</marc:subfield>
		</marc:datafield>
		<marc:datafield ind1="0" ind2="4" tag="650">
			<marc:subfield code="a">Enseignement secondaire / Littérature</marc:subfield>
		</marc:datafield>
	</marc:record>