
	<marc:record>
		<marc:leader>01305nam a2200277 i 4500</marc:leader>
		<marc:controlfield tag="001">123523</marc:controlfield>
		<marc:datafield ind1="1" ind2="0" tag="240">
			<marc:subfield code="a">L'aiguille creuse</marc:subfield>
		</marc:datafield>
		<marc:datafield ind1="1" ind2=" " tag="100">
			<marc:subfield code="a">Leblanc, Maurice</marc:subfield>
			<marc:subfield code="4">aut</marc:subfield>
		</marc:datafield>
		<marc:datafield ind1="1" ind2="0" tag="245">
			<marc:subfield code="c">Maurice Leblanc; préface et notes de Jacques Derouard; illustrations de Maurice Mahut</marc:subfield>
			<marc:subfield code="a">L'aiguille creuse</marc:subfield>
		</marc:datafield>
		<marc:datafield ind1="1" ind2=" " tag="700">
			<marc:subfield code="a">Mahut, Maurice (1878-1929)</marc:subfield>
			<marc:subfield code="4">ill</marc:subfield>
		</marc:datafield>
		<marc:datafield ind1=" " ind2=" " tag="020">
			<marc:subfield code="a">978-2-84811-163-6</marc:subfield>
			<marc:subfield code="c">18,30€</marc:subfield>
		</marc:datafield>
		<marc:datafield ind1="3" ind2=" " tag="260">
			<marc:subfield code="c">16/04/2012</marc:subfield>
			<marc:subfield code="b">Ed. des Falaises</marc:subfield>
			<marc:subfield code="a">Rouen</marc:subfield>
		</marc:datafield>
		<marc:datafield ind1=" " ind2=" " tag="300">
			<marc:subfield code="a">390</marc:subfield>
			<marc:subfield code="c">21cm</marc:subfield>
		</marc:datafield>
		<marc:datafield ind1="0" ind2="4" tag="650">
			<marc:subfield code="a">Romans policiers et d'espionnage</marc:subfield>
		</marc:datafield>
		<marc:datafield ind1="0" ind2="4" tag="650">
			<marc:subfield code="a">Littérature moderne et contemporaine / Romans / Policiers (romans ou nouvelles)</marc:subfield>
		</marc:datafield>
	</marc:record>