
	<marc:record>
		<marc:leader>01315nam a2200277 i 4500</marc:leader>
		<marc:controlfield tag="001">123533</marc:controlfield>
		<marc:datafield ind1="1" ind2="0" tag="240">
			<marc:subfield code="a">Fables</marc:subfield>
		</marc:datafield>
		<marc:datafield ind1="1" ind2=" " tag="100">
			<marc:subfield code="a">La Fontaine, Jean de</marc:subfield>
			<marc:subfield code="4">aut</marc:subfield>
		</marc:datafield>
		<marc:datafield ind1="1" ind2=" " tag="700">
			<marc:subfield code="a">Crozat, François</marc:subfield>
			<marc:subfield code="4">ill</marc:subfield>
		</marc:datafield>
		<marc:datafield ind1="1" ind2="0" tag="245">
			<marc:subfield code="c">Jean de La Fontaine; illustrations de François Crozat</marc:subfield>
			<marc:subfield code="a">Fables</marc:subfield>
		</marc:datafield>
		<marc:datafield ind1="1" ind2=" " tag="700">
			<marc:subfield code="a">Crozat, François (1928-2006)</marc:subfield>
			<marc:subfield code="4">ill</marc:subfield>
		</marc:datafield>
		<marc:datafield ind1=" " ind2=" " tag="020">
			<marc:subfield code="a">978-2-7459-5612-5</marc:subfield>
			<marc:subfield code="c">4,99€</marc:subfield>
		</marc:datafield>
		<marc:datafield ind1="3" ind2=" " tag="260">
			<marc:subfield code="c">01/02/2012</marc:subfield>
			<marc:subfield code="b">Milan jeunesse</marc:subfield>
			<marc:subfield code="a">Toulouse</marc:subfield>
		</marc:datafield>
		<marc:datafield ind1="0" ind2=" " tag="490">
			<marc:subfield code="a">Le coffre à histoires</marc:subfield>
		</marc:datafield>
		<marc:datafield ind1=" " ind2=" " tag="300">
			<marc:subfield code="a">40</marc:subfield>
			<marc:subfield code="c">21cm</marc:subfield>
		</marc:datafield>
		<marc:datafield ind1="0" ind2="4" tag="650">
			<marc:subfield code="a">Poésie</marc:subfield>
		</marc:datafield>
		<marc:datafield ind1="0" ind2="4" tag="650">
			<marc:subfield code="a">Jeunesse - Eveil et Fiction / Poésie</marc:subfield>
		</marc:datafield>
	</marc:record>