
	<marc:record>
		<marc:leader>01320nam a2200277 i 4500</marc:leader>
		<marc:controlfield tag="001">123538</marc:controlfield>
		<marc:datafield ind1="1" ind2="0" tag="240">
			<marc:subfield code="a">Otsoño</marc:subfield>
		</marc:datafield>
		<marc:datafield ind1="1" ind2=" " tag="100">
			<marc:subfield code="a">Solotareff, Grégoire</marc:subfield>
			<marc:subfield code="4">aut</marc:subfield>
		</marc:datafield>
		<marc:datafield ind1="1" ind2="0" tag="245">
			<marc:subfield code="c">Grégoire Solotareff; euskarazko itzulpena Mirentxu Ibargarai; Jean-Louis Davant euskaltzainaren gainbegiradarekin</marc:subfield>
			<marc:subfield code="a">Loulou</marc:subfield>
		</marc:datafield>
		<marc:datafield ind1="1" ind2=" " tag="700">
			<marc:subfield code="a">Ibargarai, Mirentxu</marc:subfield>
			<marc:subfield code="4">trl</marc:subfield>
		</marc:datafield>
		<marc:datafield ind1="1" ind2=" " tag="700">
			<marc:subfield code="a">Davant, Jean-Louis (1935-....)</marc:subfield>
			<marc:subfield code="4">adp</marc:subfield>
		</marc:datafield>
		<marc:datafield ind1=" " ind2=" " tag="020">
			<marc:subfield code="a">978-2-84963-085-3</marc:subfield>
			<marc:subfield code="c">12,00€</marc:subfield>
		</marc:datafield>
		<marc:datafield ind1="3" ind2=" " tag="260">
			<marc:subfield code="c">15/12/2011</marc:subfield>
			<marc:subfield code="b">Centre pédagogique basque Ikas</marc:subfield>
			<marc:subfield code="a">Uztaritze (Pyrénées-Atlantiques)</marc:subfield>
		</marc:datafield>
		<marc:datafield ind1=" " ind2=" " tag="300">
			<marc:subfield code="a">28</marc:subfield>
			<marc:subfield code="c">28cm</marc:subfield>
		</marc:datafield>
		<marc:datafield ind1="0" ind2="4" tag="650">
			<marc:subfield code="a">Parascolaire</marc:subfield>
		</marc:datafield>
		<marc:datafield ind1="0" ind2="4" tag="650">
			<marc:subfield code="a">Enseignement maternel et primaire / Ecriture, lecture</marc:subfield>
		</marc:datafield>
	</marc:record>