
	<marc:record>
		<marc:leader>01326nam a2200277 i 4500</marc:leader>
		<marc:controlfield tag="001">123544</marc:controlfield>
		<marc:datafield ind1="1" ind2="0" tag="240">
			<marc:subfield code="a">La nouvelle guerre des boutons</marc:subfield>
		</marc:datafield>
		<marc:datafield ind1="1" ind2=" " tag="100">
			<marc:subfield code="a">Newman, Greg</marc:subfield>
			<marc:subfield code="4">aut</marc:subfield>
		</marc:datafield>
		<marc:datafield ind1="1" ind2=" " tag="700">
			<marc:subfield code="a">Follini, Francesca</marc:subfield>
			<marc:subfield code="4">ill</marc:subfield>
		</marc:datafield>
		<marc:datafield ind1="1" ind2="0" tag="245">
			<marc:subfield code="c">adaptation BD de Greg Newman; dessin de Follini; encrage de Orbe; adaptée du film de Christophe Barratier; d'après le chef-d'oeuvre de Louis Pergaud</marc:subfield>
			<marc:subfield code="a">La nouvelle guerre des boutons</marc:subfield>
		</marc:datafield>
		<marc:datafield ind1="1" ind2=" " tag="700">
			<marc:subfield code="a">Follini, Francesca (1984-....)</marc:subfield>
			<marc:subfield code="4">ill</marc:subfield>
		</marc:datafield>
		<marc:datafield ind1="1" ind2=" " tag="700">
			<marc:subfield code="a">Orbe, Alex</marc:subfield>
			<marc:subfield code="4">clr</marc:subfield>
		</marc:datafield>
		<marc:datafield ind1=" " ind2=" " tag="020">
			<marc:subfield code="a">978-2-87442-831-9</marc:subfield>
			<marc:subfield code="c">10,45€</marc:subfield>
		</marc:datafield>
		<marc:datafield ind1="3" ind2=" " tag="260">
			<marc:subfield code="c">02/11/2011</marc:subfield>
			<marc:subfield code="b">Jungle</marc:subfield>
			<marc:subfield code="a">Bruxelles</marc:subfield>
		</marc:datafield>
		<marc:datafield ind1=" " ind2=" " tag="300">
			<marc:subfield code="a">46</marc:subfield>
			<marc:subfield code="c">31cm</marc:subfield>
		</marc:datafield>
		<marc:datafield ind1="0" ind2="4" tag="650">
			<marc:subfield code="a">Albums</marc:subfield>
		</marc:datafield>
		<marc:datafield ind1="0" ind2="4" tag="650">
			<marc:subfield code="a">Bandes dessinées / Bandes dessinées</marc:subfield>
		</marc:datafield>
	</marc:record>