
	<marc:record>
		<marc:leader>01329nam a2200277 i 4500</marc:leader>
		<marc:controlfield tag="001">123547</marc:controlfield>
		<marc:datafield ind1="1" ind2="0" tag="240">
			<marc:subfield code="a">Les trois mousquetaires</marc:subfield>
		</marc:datafield>
		<marc:datafield ind1="1" ind2="0" tag="245">
			<marc:subfield code="c">une histoire adaptée de l'oeuvre d'Alexandre Dumas; texte réalisé avec la participation de Marie-Laurence Bozzi, Claire Hénin, Catherine Mazier, Anne Salvignol; illustrations Agnès Perruchon</marc:subfield>
			<marc:subfield code="a">Les trois mousquetaires</marc:subfield>
		</marc:datafield>
		<marc:datafield ind1="1" ind2=" " tag="700">
			<marc:subfield code="a">Perruchon, Agnès (1959-....)</marc:subfield>
			<marc:subfield code="4">ill</marc:subfield>
		</marc:datafield>
		<marc:datafield ind1="1" ind2=" " tag="700">
			<marc:subfield code="a">Bozzi, Marie-Laurence</marc:subfield>
			<marc:subfield code="4">ctb</marc:subfield>
		</marc:datafield>
		<marc:datafield ind1="1" ind2=" " tag="700">
			<marc:subfield code="a">Hénin, Claire</marc:subfield>
			<marc:subfield code="4">ctb</marc:subfield>
		</marc:datafield>
		<marc:datafield ind1="1" ind2=" " tag="700">
			<marc:subfield code="a">Mazier, Catherine</marc:subfield>
			<marc:subfield code="4">ctb</marc:subfield>
		</marc:datafield>
		<marc:datafield ind1="1" ind2=" " tag="700">
			<marc:subfield code="a">Salvignol, Anne</marc:subfield>
			<marc:subfield code="4">ctb</marc:subfield>
		</marc:datafield>
		<marc:datafield ind1=" " ind2=" " tag="020">
			<marc:subfield code="a">978-2-918145-33-2</marc:subfield>
			<marc:subfield code="c">6,50€</marc:subfield>
		</marc:datafield>
		<marc:datafield ind1="3" ind2=" " tag="260">
			<marc:subfield code="c">20/10/2011</marc:subfield>
			<marc:subfield code="b">Itak éditions</marc:subfield>
			<marc:subfield code="a">La Queue-en-Brie (Val-de-Marne)</marc:subfield>
		</marc:datafield>
		<marc:datafield ind1="0" ind2=" " tag="490">
			<marc:subfield code="a">Destination classiques</marc:subfield>
		</marc:datafield>
		<marc:datafield ind1=" " ind2=" " tag="300">
			<marc:subfield code="a">23</marc:subfield>
			<marc:subfield code="c">19cm</marc:subfield>
		</marc:datafield>
		<marc:datafield ind1="0" ind2="4" tag="650">
			<marc:subfield code="a">Romans</marc:subfield>
		</marc:datafield>
		<marc:datafield ind1="0" ind2="4" tag="650">
			<marc:subfield code="a">Jeunesse - Eveil et Fiction / Roman</marc:subfield>
		</marc:datafield>
	</marc:record>