
	<marc:record>
		<marc:leader>01335nam a2200277 i 4500</marc:leader>
		<marc:controlfield tag="001">123553</marc:controlfield>
		<marc:datafield ind1="1" ind2="0" tag="240">
			<marc:subfield code="a">La nouvelle guerre des boutons</marc:subfield>
		</marc:datafield>
		<marc:datafield ind1="1" ind2="0" tag="245">
			<marc:subfield code="b">le roman du film</marc:subfield>
			<marc:subfield code="c">scénario Stephane Keller, Christophe Barratier; adaptation et dialogues Stephane Keller, Christophe Barratier, Philippe Lopes-Curval; novélisation Nicolas Jaillet; d'après Louis Pergaud</marc:subfield>
			<marc:subfield code="a">La nouvelle guerre des boutons : le roman du film</marc:subfield>
		</marc:datafield>
		<marc:datafield ind1=" " ind2=" " tag="020">
			<marc:subfield code="a">978-2-01-202377-2</marc:subfield>
			<marc:subfield code="c">10,15€</marc:subfield>
		</marc:datafield>
		<marc:datafield ind1="3" ind2=" " tag="260">
			<marc:subfield code="c">07/09/2011</marc:subfield>
			<marc:subfield code="b">Hachette</marc:subfield>
			<marc:subfield code="a">Vanves (Hauts-de-Seine)</marc:subfield>
		</marc:datafield>
		<marc:datafield ind1=" " ind2=" " tag="300">
			<marc:subfield code="a">174</marc:subfield>
			<marc:subfield code="c">20cm</marc:subfield>
		</marc:datafield>
		<marc:datafield ind1="0" ind2="4" tag="650">
			<marc:subfield code="a">Spectacle, Cinéma, Télévision, Radio</marc:subfield>
		</marc:datafield>
		<marc:datafield ind1="0" ind2="4" tag="650">
			<marc:subfield code="a">Cinéma</marc:subfield>
		</marc:datafield>
	</marc:record>