
	<marc:record>
		<marc:leader>01336nam a2200277 i 4500</marc:leader>
		<marc:controlfield tag="001">123554</marc:controlfield>
		<marc:datafield ind1="1" ind2="0" tag="240">
			<marc:subfield code="a">La guerre des boutons</marc:subfield>
		</marc:datafield>
		<marc:datafield ind1="1" ind2=" " tag="100">
			<marc:subfield code="a">Pergaud, Louis</marc:subfield>
			<marc:subfield code="4">aut</marc:subfield>
		</marc:datafield>
		<marc:datafield ind1="1" ind2="0" tag="245">
			<marc:subfield code="c">Louis Pergaud; illustrations Vanessa Hié</marc:subfield>
			<marc:subfield code="a">La guerre des boutons</marc:subfield>
		</marc:datafield>
		<marc:datafield ind1="1" ind2=" " tag="700">
			<marc:subfield code="a">Hié, Vanessa (1974-....)</marc:subfield>
			<marc:subfield code="4">ill</marc:subfield>
		</marc:datafield>
		<marc:datafield ind1=" " ind2=" " tag="020">
			<marc:subfield code="a">978-2-324-00005-8</marc:subfield>
			<marc:subfield code="c">9,95€</marc:subfield>
		</marc:datafield>
		<marc:datafield ind1="3" ind2=" " tag="260">
			<marc:subfield code="c">03/09/2011</marc:subfield>
			<marc:subfield code="b">Gründ</marc:subfield>
			<marc:subfield code="a">Paris</marc:subfield>
		</marc:datafield>
		<marc:datafield ind1="0" ind2=" " tag="490">
			<marc:subfield code="a">Lectures de toujours</marc:subfield>
		</marc:datafield>
		<marc:datafield ind1=" " ind2=" " tag="300">
			<marc:subfield code="a">287</marc:subfield>
			<marc:subfield code="c">21cm</marc:subfield>
		</marc:datafield>
		<marc:datafield ind1="0" ind2="4" tag="650">
			<marc:subfield code="a">Romans</marc:subfield>
		</marc:datafield>
		<marc:datafield ind1="0" ind2="4" tag="650">
			<marc:subfield code="a">Jeunesse - Eveil et Fiction / Roman</marc:subfield>
		</marc:datafield>
	</marc:record>