
	<marc:record>
		<marc:leader>01359nam a2200277 i 4500</marc:leader>
		<marc:controlfield tag="001">123577</marc:controlfield>
		<marc:datafield ind1="1" ind2="0" tag="240">
			<marc:subfield code="a">Demain dès l'aube</marc:subfield>
		</marc:datafield>
		<marc:datafield ind1="1" ind2="0" tag="245">
			<marc:subfield code="b">les cent plus beaux poèmes pour la jeunesse choisis par les poètes d'aujourd'hui</marc:subfield>
			<marc:subfield code="c">édition Jacques Charpentreau, Dominique Coffin; illustrations Michel Charrier</marc:subfield>
			<marc:subfield code="a">Demain dès l'aube : les cent plus beaux poèmes pour la jeunesse choisis par les poètes d'aujourd'hui</marc:subfield>
		</marc:datafield>
		<marc:datafield ind1="1" ind2=" " tag="700">
			<marc:subfield code="a">Charrier, Michel</marc:subfield>
			<marc:subfield code="4">ill</marc:subfield>
		</marc:datafield>
		<marc:datafield ind1=" " ind2=" " tag="020">
			<marc:subfield code="a">978-2-01-322942-5</marc:subfield>
			<marc:subfield code="c">4,95€</marc:subfield>
		</marc:datafield>
		<marc:datafield ind1="3" ind2=" " tag="260">
			<marc:subfield code="c">23/02/2011</marc:subfield>
			<marc:subfield code="b">Le Livre de poche jeunesse</marc:subfield>
			<marc:subfield code="a">Paris</marc:subfield>
		</marc:datafield>
		<marc:datafield ind1="0" ind2=" " tag="490">
			<marc:subfield code="a">Le Livre de poche</marc:subfield>
		</marc:datafield>
		<marc:datafield ind1=" " ind2=" " tag="300">
			<marc:subfield code="a">286</marc:subfield>
			<marc:subfield code="c">18cm</marc:subfield>
		</marc:datafield>
		<marc:datafield ind1="0" ind2="4" tag="650">
			<marc:subfield code="a">Poche</marc:subfield>
		</marc:datafield>
		<marc:datafield ind1="0" ind2="4" tag="650">
			<marc:subfield code="a">Poésie</marc:subfield>
		</marc:datafield>
		<marc:datafield ind1="0" ind2="4" tag="650">
			<marc:subfield code="a">Jeunesse - Eveil et Fiction / Poésie</marc:subfield>
		</marc:datafield>
	</marc:record>