
	<marc:record>
		<marc:leader>01366nam a2200277 i 4500</marc:leader>
		<marc:controlfield tag="001">123584</marc:controlfield>
		<marc:datafield ind1="1" ind2="0" tag="240">
			<marc:subfield code="a">La Belle et la Bête</marc:subfield>
		</marc:datafield>
		<marc:datafield ind1="1" ind2=" " tag="100">
			<marc:subfield code="a">Péan, Laurent</marc:subfield>
			<marc:subfield code="4">aut</marc:subfield>
		</marc:datafield>
		<marc:datafield ind1="1" ind2="0" tag="245">
			<marc:subfield code="c">Laurent Péan; d'après Madame Leprince de Beaumont</marc:subfield>
			<marc:subfield code="a">La Belle et la Bête</marc:subfield>
		</marc:datafield>
		<marc:datafield ind1=" " ind2=" " tag="020">
			<marc:subfield code="a">978-2-915723-27-4</marc:subfield>
			<marc:subfield code="c">12,00€</marc:subfield>
		</marc:datafield>
		<marc:datafield ind1="3" ind2=" " tag="260">
			<marc:subfield code="c">15/12/2010</marc:subfield>
			<marc:subfield code="b">Ed. Durand-Peyroles</marc:subfield>
			<marc:subfield code="a">Bourneau (Vendée)</marc:subfield>
		</marc:datafield>
		<marc:datafield ind1="0" ind2=" " tag="490">
			<marc:subfield code="a">Théâtre</marc:subfield>
		</marc:datafield>
		<marc:datafield ind1=" " ind2=" " tag="300">
			<marc:subfield code="a">107</marc:subfield>
			<marc:subfield code="c">21cm</marc:subfield>
		</marc:datafield>
		<marc:datafield ind1="0" ind2="4" tag="650">
			<marc:subfield code="a">Théâtre</marc:subfield>
		</marc:datafield>
		<marc:datafield ind1="0" ind2="4" tag="650">
			<marc:subfield code="a">Littérature moderne et contemporaine / Pièces de théâtre</marc:subfield>
		</marc:datafield>
	</marc:record>