
	<marc:record>
		<marc:leader>01385nam a2200277 i 4500</marc:leader>
		<marc:controlfield tag="001">123603</marc:controlfield>
		<marc:datafield ind1="1" ind2="0" tag="240">
			<marc:subfield code="a">10 fables de La Fontaine</marc:subfield>
		</marc:datafield>
		<marc:datafield ind1="1" ind2=" " tag="100">
			<marc:subfield code="a">La Fontaine, Jean de</marc:subfield>
			<marc:subfield code="4">aut</marc:subfield>
		</marc:datafield>
		<marc:datafield ind1="1" ind2="0" tag="245">
			<marc:subfield code="c">textes choisis et annotés par Anthony Soron; avec la collaboration de Bernard Couté</marc:subfield>
			<marc:subfield code="a">10 fables de La Fontaine</marc:subfield>
		</marc:datafield>
		<marc:datafield ind1="1" ind2=" " tag="700">
			<marc:subfield code="a">Couté, Bernard</marc:subfield>
			<marc:subfield code="4">ctb</marc:subfield>
		</marc:datafield>
		<marc:datafield ind1=" " ind2=" " tag="020">
			<marc:subfield code="a">978-2-7256-2847-9</marc:subfield>
			<marc:subfield code="c">21,60€</marc:subfield>
		</marc:datafield>
		<marc:datafield ind1="3" ind2=" " tag="260">
			<marc:subfield code="c">22/06/2010</marc:subfield>
			<marc:subfield code="b">Retz</marc:subfield>
			<marc:subfield code="a">Paris</marc:subfield>
		</marc:datafield>
		<marc:datafield ind1="0" ind2=" " tag="490">
			<marc:subfield code="a">Atouts classiques</marc:subfield>
		</marc:datafield>
		<marc:datafield ind1=" " ind2=" " tag="300">
			<marc:subfield code="c">19cm</marc:subfield>
		</marc:datafield>
		<marc:datafield ind1="0" ind2="4" tag="650">
			<marc:subfield code="a">Parascolaire</marc:subfield>
		</marc:datafield>
		<marc:datafield ind1="0" ind2="4" tag="650">
			<marc:subfield code="a">Enseignement maternel et primaire / Ecriture, lecture</marc:subfield>
		</marc:datafield>
	</marc:record>