
	<marc:record>
		<marc:leader>01427nam a2200277 i 4500</marc:leader>
		<marc:controlfield tag="001">123645</marc:controlfield>
		<marc:datafield ind1="1" ind2="0" tag="240">
			<marc:subfield code="a">La Belle et la Bête</marc:subfield>
		</marc:datafield>
		<marc:datafield ind1="1" ind2="0" tag="245">
			<marc:subfield code="c">d'après un conte de madame Leprince de Beaumont; illustrations Claire Degans</marc:subfield>
			<marc:subfield code="a">La Belle et la Bête</marc:subfield>
		</marc:datafield>
		<marc:datafield ind1="1" ind2=" " tag="700">
			<marc:subfield code="a">Degans, Claire (1977-....)</marc:subfield>
			<marc:subfield code="4">ill</marc:subfield>
		</marc:datafield>
		<marc:datafield ind1=" " ind2=" " tag="020">
			<marc:subfield code="a">978-2-09-252440-4</marc:subfield>
			<marc:subfield code="c">5,50€</marc:subfield>
		</marc:datafield>
		<marc:datafield ind1="3" ind2=" " tag="260">
			<marc:subfield code="c">20/05/2009</marc:subfield>
			<marc:subfield code="b">Nathan Jeunesse</marc:subfield>
			<marc:subfield code="a">Paris</marc:subfield>
		</marc:datafield>
		<marc:datafield ind1="0" ind2=" " tag="490">
			<marc:subfield code="a">Les petits cailloux</marc:subfield>
		</marc:datafield>
		<marc:datafield ind1=" " ind2=" " tag="300">
			<marc:subfield code="a">32</marc:subfield>
			<marc:subfield code="c">20cm</marc:subfield>
		</marc:datafield>
		<marc:datafield ind1="0" ind2="4" tag="650">
			<marc:subfield code="a">Contes et Légendes</marc:subfield>
		</marc:datafield>
		<marc:datafield ind1="0" ind2="4" tag="650">
			<marc:subfield code="a">Jeunesse - Eveil et Fiction / Contes</marc:subfield>
		</marc:datafield>
	</marc:record>