
	<marc:record>
		<marc:leader>01441nam a2200277 i 4500</marc:leader>
		<marc:controlfield tag="001">123659</marc:controlfield>
		<marc:datafield ind1="1" ind2=" " tag="100">
			<marc:subfield code="a">Maupré, Agnès</marc:subfield>
			<marc:subfield code="4">aut</marc:subfield>
		</marc:datafield>
		<marc:datafield ind1="1" ind2="0" tag="245">
			<marc:subfield code="c">Agnès Maupré; d'après l'oeuvre de Marcel Aymé</marc:subfield>
			<marc:subfield code="a">La patte du chat ; Le canard et la panthère</marc:subfield>
			<marc:subfield code="p">Le canard et la panthère; La patte du chat</marc:subfield>
		</marc:datafield>
		<marc:datafield ind1=" " ind2=" " tag="020">
			<marc:subfield code="a">978-2-07-057641-8</marc:subfield>
			<marc:subfield code="c">14,10€</marc:subfield>
		</marc:datafield>
		<marc:datafield ind1="3" ind2=" " tag="260">
			<marc:subfield code="c">21/11/2008</marc:subfield>
			<marc:subfield code="b">Gallimard</marc:subfield>
			<marc:subfield code="a">Paris</marc:subfield>
		</marc:datafield>
		<marc:datafield ind1="0" ind2=" " tag="490">
			<marc:subfield code="a">Fétiche</marc:subfield>
		</marc:datafield>
		<marc:datafield ind1=" " ind2=" " tag="300">
			<marc:subfield code="a">62</marc:subfield>
			<marc:subfield code="c">32cm</marc:subfield>
		</marc:datafield>
		<marc:datafield ind1="0" ind2="4" tag="650">
			<marc:subfield code="a">Albums</marc:subfield>
		</marc:datafield>
		<marc:datafield ind1="0" ind2="4" tag="650">
			<marc:subfield code="a">Bandes dessinées / Bandes dessinées</marc:subfield>
		</marc:datafield>
	</marc:record>