
	<marc:record>
		<marc:leader>01444nam a2200277 i 4500</marc:leader>
		<marc:controlfield tag="001">123662</marc:controlfield>
		<marc:datafield ind1="1" ind2="0" tag="240">
			<marc:subfield code="a">Princesses oubliées ou inconnues</marc:subfield>
		</marc:datafield>
		<marc:datafield ind1="1" ind2=" " tag="700">
			<marc:subfield code="a">Vaniscotte, Catherine</marc:subfield>
			<marc:subfield code="4">cmp</marc:subfield>
		</marc:datafield>
		<marc:datafield ind1="1" ind2="0" tag="245">
			<marc:subfield code="c">chantées par Catherine Vaniscotte; texte Philippe Lechermeier; illustrations Rebecca Dautremer; interprètes Frédéric Schadoroff (arrangements et piano), Agnès Buffet (chant), Eric Boccalini (batterie, percussions) et al.</marc:subfield>
			<marc:subfield code="a">Princesses oubliées ou inconnues</marc:subfield>
		</marc:datafield>
		<marc:datafield ind1="1" ind2=" " tag="700">
			<marc:subfield code="a">Vaniscotte, Catherine</marc:subfield>
			<marc:subfield code="4">cmp</marc:subfield>
		</marc:datafield>
		<marc:datafield ind1="1" ind2=" " tag="700">
			<marc:subfield code="a">Dautremer, Rébecca (1971-....)</marc:subfield>
			<marc:subfield code="4">ill</marc:subfield>
		</marc:datafield>
		<marc:datafield ind1=" " ind2=" " tag="020">
			<marc:subfield code="c">0,00€</marc:subfield>
		</marc:datafield>
		<marc:datafield ind1="3" ind2=" " tag="260">
			<marc:subfield code="c">19/11/2008</marc:subfield>
			<marc:subfield code="b">Naïve</marc:subfield>
			<marc:subfield code="a">Paris</marc:subfield>
		</marc:datafield>
		<marc:datafield ind1=" " ind2=" " tag="300">
			<marc:subfield code="b">1 livret (32 p.)</marc:subfield>
		</marc:datafield>
		<marc:datafield ind1="0" ind2="4" tag="650">
			<marc:subfield code="a">Documents sonores</marc:subfield>
		</marc:datafield>
		<marc:datafield ind1="0" ind2="4" tag="650">
			<marc:subfield code="a">Documentaires - 6-9 ans</marc:subfield>
		</marc:datafield>
		<marc:datafield ind1="0" ind2="4" tag="650">
			<marc:subfield code="a">Jeunesse - Musique et chansons</marc:subfield>
		</marc:datafield>
	</marc:record>