
	<marc:record>
		<marc:leader>01461nam a2200277 i 4500</marc:leader>
		<marc:controlfield tag="001">123679</marc:controlfield>
		<marc:datafield ind1="1" ind2="0" tag="240">
			<marc:subfield code="a">Zigomar-en Afrika</marc:subfield>
		</marc:datafield>
		<marc:datafield ind1="1" ind2=" " tag="100">
			<marc:subfield code="a">Corentin, Philippe</marc:subfield>
			<marc:subfield code="4">aut</marc:subfield>
		</marc:datafield>
		<marc:datafield ind1="1" ind2="0" tag="245">
			<marc:subfield code="c">Philippe Corentin; traduit du français par Maialen Videgain</marc:subfield>
			<marc:subfield code="a">Zigomar-en Afrika = L'Afrique de Zigomar</marc:subfield>
		</marc:datafield>
		<marc:datafield ind1="1" ind2=" " tag="700">
			<marc:subfield code="a">Videgain, Maialen</marc:subfield>
			<marc:subfield code="4">trl</marc:subfield>
		</marc:datafield>
		<marc:datafield ind1=" " ind2=" " tag="020">
			<marc:subfield code="a">978-2-84963-043-3</marc:subfield>
			<marc:subfield code="c">12,00€</marc:subfield>
		</marc:datafield>
		<marc:datafield ind1="3" ind2=" " tag="260">
			<marc:subfield code="c">09/07/2008</marc:subfield>
			<marc:subfield code="b">Centre pédagogique basque Ikas</marc:subfield>
			<marc:subfield code="a">Uztaritze (Pyrénées-Atlantiques)</marc:subfield>
		</marc:datafield>
		<marc:datafield ind1=" " ind2=" " tag="300">
			<marc:subfield code="a">33</marc:subfield>
			<marc:subfield code="c">27cm</marc:subfield>
		</marc:datafield>
		<marc:datafield ind1="0" ind2="4" tag="650">
			<marc:subfield code="a">Eveil</marc:subfield>
		</marc:datafield>
		<marc:datafield ind1="0" ind2="4" tag="650">
			<marc:subfield code="a">Jeunesse - Eveil et Fiction / Histoires en images</marc:subfield>
		</marc:datafield>
	</marc:record>