
	<marc:record>
		<marc:leader>01478nam a2200277 i 4500</marc:leader>
		<marc:controlfield tag="001">123696</marc:controlfield>
		<marc:datafield ind1="1" ind2="0" tag="240">
			<marc:subfield code="a">René Cassin</marc:subfield>
		</marc:datafield>
		<marc:datafield ind1="1" ind2=" " tag="100">
			<marc:subfield code="4">aut</marc:subfield>
			<marc:subfield code="a">Cassin, Gabriel</marc:subfield>
		</marc:datafield>
		<marc:datafield ind1="1" ind2="0" tag="245">
			<marc:subfield code="c">Gabriel Cassin</marc:subfield>
			<marc:subfield code="a">René Cassin : les guerres de 1914-1918 et de 1939-1945 et le combat pour la dignité humaine : les droits de l'Homme (1948), le prix Nobel de la paix (1968)</marc:subfield>
		</marc:datafield>
		<marc:datafield ind1=" " ind2=" " tag="020">
			<marc:subfield code="a">2-9512073-4-4</marc:subfield>
			<marc:subfield code="c">35,00€</marc:subfield>
		</marc:datafield>
		<marc:datafield ind1="3" ind2=" " tag="260">
			<marc:subfield code="c">16/01/2008</marc:subfield>
			<marc:subfield code="b">G. Cassin</marc:subfield>
			<marc:subfield code="a">Marseille</marc:subfield>
		</marc:datafield>
		<marc:datafield ind1=" " ind2=" " tag="300">
			<marc:subfield code="a">334</marc:subfield>
			<marc:subfield code="c">30cm</marc:subfield>
		</marc:datafield>
		<marc:datafield ind1="0" ind2="4" tag="650">
			<marc:subfield code="a">Biographies</marc:subfield>
		</marc:datafield>
		<marc:datafield ind1="0" ind2="4" tag="650">
			<marc:subfield code="a">Droit</marc:subfield>
		</marc:datafield>
		<marc:datafield ind1="0" ind2="4" tag="650">
			<marc:subfield code="a">Droit et justice / Droit</marc:subfield>
		</marc:datafield>
	</marc:record>