
	<marc:record>
		<marc:leader>01510nam a2200277 i 4500</marc:leader>
		<marc:controlfield tag="001">123728</marc:controlfield>
		<marc:datafield ind1="1" ind2="0" tag="240">
			<marc:subfield code="a">Jacquou le Croquant</marc:subfield>
		</marc:datafield>
		<marc:datafield ind1="1" ind2=" " tag="100">
			<marc:subfield code="a">Le Roy, Eugène</marc:subfield>
			<marc:subfield code="4">aut</marc:subfield>
		</marc:datafield>
		<marc:datafield ind1="1" ind2="0" tag="245">
			<marc:subfield code="c">Eugène Le Roy</marc:subfield>
			<marc:subfield code="a">Jacquou le Croquant</marc:subfield>
		</marc:datafield>
		<marc:datafield ind1=" " ind2=" " tag="020">
			<marc:subfield code="a">2-01-201252-3</marc:subfield>
			<marc:subfield code="c">8,00€</marc:subfield>
		</marc:datafield>
		<marc:datafield ind1="3" ind2=" " tag="260">
			<marc:subfield code="c">03/01/2007</marc:subfield>
			<marc:subfield code="b">Hachette Jeunesse</marc:subfield>
			<marc:subfield code="a">Vanves (Hauts-de-Seine)</marc:subfield>
		</marc:datafield>
		<marc:datafield ind1=" " ind2=" " tag="300">
			<marc:subfield code="a">375</marc:subfield>
			<marc:subfield code="c">20cm</marc:subfield>
		</marc:datafield>
		<marc:datafield ind1="0" ind2="4" tag="650">
			<marc:subfield code="a">Romans</marc:subfield>
		</marc:datafield>
		<marc:datafield ind1="0" ind2="4" tag="650">
			<marc:subfield code="a">Jeunesse - Eveil et Fiction / Roman</marc:subfield>
		</marc:datafield>
	</marc:record>