
	<marc:record>
		<marc:leader>01514nam a2200277 i 4500</marc:leader>
		<marc:controlfield tag="001">123732</marc:controlfield>
		<marc:datafield ind1="1" ind2="0" tag="240">
			<marc:subfield code="a">Le Grand Meaulnes</marc:subfield>
		</marc:datafield>
		<marc:datafield ind1="1" ind2=" " tag="100">
			<marc:subfield code="a">Alain-Fournier</marc:subfield>
			<marc:subfield code="4">aut</marc:subfield>
		</marc:datafield>
		<marc:datafield ind1="1" ind2="0" tag="245">
			<marc:subfield code="c">Alain-Fournier; édition Christophe-Édouard Konaté</marc:subfield>
			<marc:subfield code="a">Le Grand Meaulnes</marc:subfield>
		</marc:datafield>
		<marc:datafield ind1=" " ind2=" " tag="020">
			<marc:subfield code="a">2-218-92455-2</marc:subfield>
			<marc:subfield code="c">3,35€</marc:subfield>
		</marc:datafield>
		<marc:datafield ind1="3" ind2=" " tag="260">
			<marc:subfield code="c">20/09/2006</marc:subfield>
			<marc:subfield code="b">Hatier</marc:subfield>
			<marc:subfield code="a">Paris</marc:subfield>
		</marc:datafield>
		<marc:datafield ind1="0" ind2=" " tag="490">
			<marc:subfield code="a">Classiques Hatier. Oeuvres &amp; thèmes</marc:subfield>
		</marc:datafield>
		<marc:datafield ind1=" " ind2=" " tag="300">
			<marc:subfield code="a">127</marc:subfield>
			<marc:subfield code="c">18cm</marc:subfield>
		</marc:datafield>
		<marc:datafield ind1="0" ind2="4" tag="650">
			<marc:subfield code="a">Poche</marc:subfield>
		</marc:datafield>
		<marc:datafield ind1="0" ind2="4" tag="650">
			<marc:subfield code="a">Parascolaire</marc:subfield>
		</marc:datafield>
		<marc:datafield ind1="0" ind2="4" tag="650">
			<marc:subfield code="a">Enseignement secondaire / Littérature</marc:subfield>
		</marc:datafield>
	</marc:record>