
	<marc:record>
		<marc:leader>01527nam a2200277 i 4500</marc:leader>
		<marc:controlfield tag="001">123745</marc:controlfield>
		<marc:datafield ind1="1" ind2="0" tag="240">
			<marc:subfield code="a">5 séquences pour lire La petite poule qui voulait voir la mer, de Christian Jolibois, illustré par Christian Heinrich</marc:subfield>
		</marc:datafield>
		<marc:datafield ind1="1" ind2=" " tag="100">
			<marc:subfield code="4">aut</marc:subfield>
			<marc:subfield code="a">Couté, Bernard</marc:subfield>
		</marc:datafield>
		<marc:datafield ind1="1" ind2="0" tag="245">
			<marc:subfield code="c">Bernard Couté</marc:subfield>
			<marc:subfield code="a">5 séquences pour lire La petite poule qui voulait voir la mer, de Christian Jolibois, illustré par Christian Heinrich : cycle 2</marc:subfield>
		</marc:datafield>
		<marc:datafield ind1=" " ind2=" " tag="020">
			<marc:subfield code="a">2-7256-2513-0</marc:subfield>
			<marc:subfield code="c">20,40€</marc:subfield>
		</marc:datafield>
		<marc:datafield ind1="3" ind2=" " tag="260">
			<marc:subfield code="c">26/01/2006</marc:subfield>
			<marc:subfield code="b">Retz</marc:subfield>
			<marc:subfield code="a">Paris</marc:subfield>
		</marc:datafield>
		<marc:datafield ind1="0" ind2=" " tag="490">
			<marc:subfield code="a">Atouts littérature</marc:subfield>
		</marc:datafield>
		<marc:datafield ind1=" " ind2=" " tag="300">
			<marc:subfield code="a">48</marc:subfield>
			<marc:subfield code="c">30cm</marc:subfield>
		</marc:datafield>
		<marc:datafield ind1="0" ind2="4" tag="650">
			<marc:subfield code="a">Français</marc:subfield>
		</marc:datafield>
		<marc:datafield ind1="0" ind2="4" tag="650">
			<marc:subfield code="a">Enseignement maternel et primaire / Ecriture, lecture</marc:subfield>
		</marc:datafield>
	</marc:record>