
	<marc:record>
		<marc:leader>01529nam a2200277 i 4500</marc:leader>
		<marc:controlfield tag="001">123747</marc:controlfield>
		<marc:datafield ind1="1" ind2="0" tag="240">
			<marc:subfield code="a">Une heure, une vie</marc:subfield>
		</marc:datafield>
		<marc:datafield ind1="1" ind2=" " tag="100">
			<marc:subfield code="a">Benameur, Jeanne</marc:subfield>
			<marc:subfield code="4">aut</marc:subfield>
		</marc:datafield>
		<marc:datafield ind1="1" ind2="0" tag="245">
			<marc:subfield code="c">Jeanne Benameur</marc:subfield>
			<marc:subfield code="a">Une heure, une vie</marc:subfield>
		</marc:datafield>
		<marc:datafield ind1=" " ind2=" " tag="020">
			<marc:subfield code="a">2-84420-436-8</marc:subfield>
			<marc:subfield code="c">8,90€</marc:subfield>
		</marc:datafield>
		<marc:datafield ind1="3" ind2=" " tag="260">
			<marc:subfield code="c">19/01/2006</marc:subfield>
			<marc:subfield code="b">T. Magnier</marc:subfield>
			<marc:subfield code="a">Paris</marc:subfield>
		</marc:datafield>
		<marc:datafield ind1="0" ind2=" " tag="490">
			<marc:subfield code="a">Roman</marc:subfield>
		</marc:datafield>
		<marc:datafield ind1=" " ind2=" " tag="300">
			<marc:subfield code="a">90</marc:subfield>
			<marc:subfield code="c">21cm</marc:subfield>
		</marc:datafield>
		<marc:datafield ind1="0" ind2="4" tag="650">
			<marc:subfield code="a">Poche</marc:subfield>
		</marc:datafield>
		<marc:datafield ind1="0" ind2="4" tag="650">
			<marc:subfield code="a">Romans</marc:subfield>
		</marc:datafield>
		<marc:datafield ind1="0" ind2="4" tag="650">
			<marc:subfield code="a">Jeunesse - Eveil et Fiction / Roman</marc:subfield>
		</marc:datafield>
	</marc:record>