
	<marc:record>
		<marc:leader>01542nam a2200277 i 4500</marc:leader>
		<marc:controlfield tag="001">123760</marc:controlfield>
		<marc:datafield ind1="1" ind2="0" tag="240">
			<marc:subfield code="a">Matin brun</marc:subfield>
		</marc:datafield>
		<marc:datafield ind1="1" ind2=" " tag="100">
			<marc:subfield code="a">Pavloff, Franck</marc:subfield>
			<marc:subfield code="4">aut</marc:subfield>
		</marc:datafield>
		<marc:datafield ind1="1" ind2="0" tag="245">
			<marc:subfield code="c">Franck Pavloff</marc:subfield>
			<marc:subfield code="a">Matin brun</marc:subfield>
		</marc:datafield>
		<marc:datafield ind1=" " ind2=" " tag="020">
			<marc:subfield code="a">2-7444-0642-2</marc:subfield>
			<marc:subfield code="c">3,00€</marc:subfield>
		</marc:datafield>
		<marc:datafield ind1="3" ind2=" " tag="260">
			<marc:subfield code="c">25/04/2005</marc:subfield>
			<marc:subfield code="b">Grand caractère</marc:subfield>
			<marc:subfield code="a">Paris</marc:subfield>
		</marc:datafield>
		<marc:datafield ind1=" " ind2=" " tag="300">
			<marc:subfield code="a">18</marc:subfield>
			<marc:subfield code="c">22cm</marc:subfield>
		</marc:datafield>
		<marc:datafield ind1="0" ind2="4" tag="650">
			<marc:subfield code="a">Livres en Grands caractères</marc:subfield>
		</marc:datafield>
		<marc:datafield ind1="0" ind2="4" tag="650">
			<marc:subfield code="a">Littérature moderne et contemporaine / Nouvelles et contes</marc:subfield>
		</marc:datafield>
	</marc:record>