
	<marc:record>
		<marc:leader>01543nam a2200277 i 4500</marc:leader>
		<marc:controlfield tag="001">123761</marc:controlfield>
		<marc:datafield ind1="1" ind2="0" tag="240">
			<marc:subfield code="a">Le conte du prince en deux ou L'histoire d'une mémorable fessée</marc:subfield>
		</marc:datafield>
		<marc:datafield ind1="1" ind2=" " tag="100">
			<marc:subfield code="a">Douzou, Olivier</marc:subfield>
			<marc:subfield code="4">aut</marc:subfield>
		</marc:datafield>
		<marc:datafield ind1="1" ind2=" " tag="700">
			<marc:subfield code="a">Bertrand, Frédérique</marc:subfield>
			<marc:subfield code="4">ill</marc:subfield>
		</marc:datafield>
		<marc:datafield ind1="1" ind2="0" tag="245">
			<marc:subfield code="c">histoire de Olivier Douzou; images de Frédérique Bertrand</marc:subfield>
			<marc:subfield code="a">Le conte du prince en deux ou L'histoire d'une mémorable fessée</marc:subfield>
		</marc:datafield>
		<marc:datafield ind1="1" ind2=" " tag="700">
			<marc:subfield code="a">Bertrand, Frédérique (1969-....)</marc:subfield>
			<marc:subfield code="4">ill</marc:subfield>
		</marc:datafield>
		<marc:datafield ind1=" " ind2=" " tag="020">
			<marc:subfield code="a">2-02-081687-3</marc:subfield>
			<marc:subfield code="c">15,20€</marc:subfield>
		</marc:datafield>
		<marc:datafield ind1="3" ind2=" " tag="260">
			<marc:subfield code="c">16/04/2005</marc:subfield>
			<marc:subfield code="b">Seuil Jeunesse</marc:subfield>
			<marc:subfield code="a">Paris</marc:subfield>
		</marc:datafield>
		<marc:datafield ind1=" " ind2=" " tag="300">
			<marc:subfield code="a">64</marc:subfield>
			<marc:subfield code="c">31cm</marc:subfield>
		</marc:datafield>
		<marc:datafield ind1="0" ind2="4" tag="650">
			<marc:subfield code="a">Jeunesse - Eveil et Fiction / Histoires en images</marc:subfield>
		</marc:datafield>
	</marc:record>