
	<marc:record>
		<marc:leader>01554nam a2200277 i 4500</marc:leader>
		<marc:controlfield tag="001">123772</marc:controlfield>
		<marc:datafield ind1="1" ind2="0" tag="240">
			<marc:subfield code="a">Princesses oubliées ou inconnues</marc:subfield>
		</marc:datafield>
		<marc:datafield ind1="1" ind2=" " tag="100">
			<marc:subfield code="a">Lechermeier, Philippe</marc:subfield>
			<marc:subfield code="4">aut</marc:subfield>
		</marc:datafield>
		<marc:datafield ind1="1" ind2=" " tag="700">
			<marc:subfield code="a">Dautremer, Rébecca</marc:subfield>
			<marc:subfield code="4">ill</marc:subfield>
		</marc:datafield>
		<marc:datafield ind1="1" ind2="0" tag="245">
			<marc:subfield code="c">Philippe Lechermeier, Rébecca Dautremer</marc:subfield>
			<marc:subfield code="a">Princesses oubliées ou inconnues</marc:subfield>
		</marc:datafield>
		<marc:datafield ind1="1" ind2=" " tag="700">
			<marc:subfield code="a">Dautremer, Rébecca (1971-....)</marc:subfield>
			<marc:subfield code="4">ill</marc:subfield>
		</marc:datafield>
		<marc:datafield ind1=" " ind2=" " tag="020">
			<marc:subfield code="a">2-01-392921-8</marc:subfield>
			<marc:subfield code="c">19,90€</marc:subfield>
		</marc:datafield>
		<marc:datafield ind1="3" ind2=" " tag="260">
			<marc:subfield code="c">10/11/2004</marc:subfield>
			<marc:subfield code="b">Gautier-Languereau</marc:subfield>
			<marc:subfield code="a">Vanves (Hauts-de-Seine)</marc:subfield>
		</marc:datafield>
		<marc:datafield ind1=" " ind2=" " tag="300">
			<marc:subfield code="a">91</marc:subfield>
			<marc:subfield code="c">30cm</marc:subfield>
		</marc:datafield>
		<marc:datafield ind1="0" ind2="4" tag="650">
			<marc:subfield code="a">Jeunesse - Eveil et Fiction / Histoires en images</marc:subfield>
		</marc:datafield>
	</marc:record>