
	<marc:record>
		<marc:leader>01567nam a2200277 i 4500</marc:leader>
		<marc:controlfield tag="001">123785</marc:controlfield>
		<marc:datafield ind1="1" ind2="0" tag="240">
			<marc:subfield code="a">La belle et la bête</marc:subfield>
		</marc:datafield>
		<marc:datafield ind1="1" ind2=" " tag="100">
			<marc:subfield code="a">Noa, Jean-Frédéric</marc:subfield>
			<marc:subfield code="4">aut</marc:subfield>
		</marc:datafield>
		<marc:datafield ind1="1" ind2=" " tag="700">
			<marc:subfield code="a">Étienne, Émilie</marc:subfield>
			<marc:subfield code="4">ill</marc:subfield>
		</marc:datafield>
		<marc:datafield ind1="1" ind2="0" tag="245">
			<marc:subfield code="c">dessin Emilie Etienne; texte Jean-Frédéric Noa; d'après Madame Leprince de Beaumont</marc:subfield>
			<marc:subfield code="a">La belle et la bête</marc:subfield>
		</marc:datafield>
		<marc:datafield ind1="1" ind2=" " tag="700">
			<marc:subfield code="a">Étienne, Émilie (1973-....)</marc:subfield>
			<marc:subfield code="4">ill</marc:subfield>
		</marc:datafield>
		<marc:datafield ind1=" " ind2=" " tag="020">
			<marc:subfield code="a">2-9521514-0-7</marc:subfield>
			<marc:subfield code="c">25,00€</marc:subfield>
		</marc:datafield>
		<marc:datafield ind1="3" ind2=" " tag="260">
			<marc:subfield code="c">17/06/2004</marc:subfield>
			<marc:subfield code="b">AK éditions</marc:subfield>
			<marc:subfield code="a">Brest (Finistère)</marc:subfield>
		</marc:datafield>
		<marc:datafield ind1=" " ind2=" " tag="300">
			<marc:subfield code="a">72</marc:subfield>
			<marc:subfield code="c">33cm</marc:subfield>
		</marc:datafield>
		<marc:datafield ind1="0" ind2="4" tag="650">
			<marc:subfield code="a">Contes et Légendes</marc:subfield>
		</marc:datafield>
		<marc:datafield ind1="0" ind2="4" tag="650">
			<marc:subfield code="a">Jeunesse - Eveil et Fiction / Contes</marc:subfield>
		</marc:datafield>
	</marc:record>