
	<marc:record>
		<marc:leader>01575nam a2200277 i 4500</marc:leader>
		<marc:controlfield tag="001">123793</marc:controlfield>
		<marc:datafield ind1="1" ind2="0" tag="240">
			<marc:subfield code="a">Histoires pressées</marc:subfield>
		</marc:datafield>
		<marc:datafield ind1="1" ind2=" " tag="100">
			<marc:subfield code="a">Friot, Bernard</marc:subfield>
			<marc:subfield code="4">aut</marc:subfield>
		</marc:datafield>
		<marc:datafield ind1="1" ind2="0" tag="245">
			<marc:subfield code="c">Bernard Friot; lectures par Frédérique Bruyas, Hélène Lanscotte, Marc Roger</marc:subfield>
			<marc:subfield code="a">Histoires pressées</marc:subfield>
		</marc:datafield>
		<marc:datafield ind1="1" ind2=" " tag="700">
			<marc:subfield code="a">Bruyas, Frédérique</marc:subfield>
			<marc:subfield code="4">nrt</marc:subfield>
		</marc:datafield>
		<marc:datafield ind1="1" ind2=" " tag="700">
			<marc:subfield code="a">Lanscotte, Hélène (1960-....)</marc:subfield>
			<marc:subfield code="4">nrt</marc:subfield>
		</marc:datafield>
		<marc:datafield ind1="1" ind2=" " tag="700">
			<marc:subfield code="a">Roger, Marc (1958-....)</marc:subfield>
			<marc:subfield code="4">nrt</marc:subfield>
		</marc:datafield>
		<marc:datafield ind1=" " ind2=" " tag="020">
			<marc:subfield code="a">2-86626-195-X</marc:subfield>
			<marc:subfield code="c">15,00€</marc:subfield>
		</marc:datafield>
		<marc:datafield ind1="3" ind2=" " tag="260">
			<marc:subfield code="c">15/03/2004</marc:subfield>
			<marc:subfield code="b">Canopé-CRDP de l'académie de Montpellier</marc:subfield>
			<marc:subfield code="a">Montpellier</marc:subfield>
		</marc:datafield>
		<marc:datafield ind1="3" ind2=" " tag="260">
			<marc:subfield code="b">Milan</marc:subfield>
			<marc:subfield code="a">Toulouse</marc:subfield>
		</marc:datafield>
		<marc:datafield ind1=" " ind2=" " tag="300">
			<marc:subfield code="c">19cm</marc:subfield>
			<marc:subfield code="b">1 CD audio (1 h 07 min 11 s) + 1 livret documentaire (28 p.)</marc:subfield>
		</marc:datafield>
		<marc:datafield ind1="0" ind2="4" tag="650">
			<marc:subfield code="a">Parascolaire</marc:subfield>
		</marc:datafield>
		<marc:datafield ind1="0" ind2="4" tag="650">
			<marc:subfield code="a">Enseignement maternel et primaire / Ecriture, lecture</marc:subfield>
		</marc:datafield>
	</marc:record>