
	<marc:record>
		<marc:leader>01587nam a2200277 i 4500</marc:leader>
		<marc:controlfield tag="001">123805</marc:controlfield>
		<marc:datafield ind1="1" ind2="0" tag="240">
			<marc:subfield code="a">Le mystère de la chambre jaune</marc:subfield>
		</marc:datafield>
		<marc:datafield ind1="1" ind2=" " tag="100">
			<marc:subfield code="a">Leroux, Gaston</marc:subfield>
			<marc:subfield code="4">aut</marc:subfield>
		</marc:datafield>
		<marc:datafield ind1="1" ind2="0" tag="245">
			<marc:subfield code="c">Gaston Leroux; préface de Bruno Podalydès</marc:subfield>
			<marc:subfield code="a">Le mystère de la chambre jaune</marc:subfield>
		</marc:datafield>
		<marc:datafield ind1=" " ind2=" " tag="020">
			<marc:subfield code="a">2-290-33369-7</marc:subfield>
			<marc:subfield code="c">4,50€</marc:subfield>
		</marc:datafield>
		<marc:datafield ind1="3" ind2=" " tag="260">
			<marc:subfield code="c">16/05/2003</marc:subfield>
			<marc:subfield code="b">J'ai lu</marc:subfield>
			<marc:subfield code="a">Paris</marc:subfield>
		</marc:datafield>
		<marc:datafield ind1="0" ind2=" " tag="490">
			<marc:subfield code="a">J'ai lu</marc:subfield>
		</marc:datafield>
		<marc:datafield ind1=" " ind2=" " tag="300">
			<marc:subfield code="a">255</marc:subfield>
			<marc:subfield code="c">18cm</marc:subfield>
		</marc:datafield>
		<marc:datafield ind1="0" ind2="4" tag="650">
			<marc:subfield code="a">Poche</marc:subfield>
		</marc:datafield>
		<marc:datafield ind1="0" ind2="4" tag="650">
			<marc:subfield code="a">Romans policiers et d'espionnage</marc:subfield>
		</marc:datafield>
		<marc:datafield ind1="0" ind2="4" tag="650">
			<marc:subfield code="a">Littérature moderne et contemporaine / Romans / Policiers (romans ou nouvelles)</marc:subfield>
		</marc:datafield>
	</marc:record>