
	<marc:record>
		<marc:leader>01596nam a2200277 i 4500</marc:leader>
		<marc:controlfield tag="001">123814</marc:controlfield>
		<marc:datafield ind1="1" ind2="0" tag="240">
			<marc:subfield code="a">Matin brun</marc:subfield>
		</marc:datafield>
		<marc:datafield ind1="1" ind2=" " tag="100">
			<marc:subfield code="a">Pavloff, Franck</marc:subfield>
			<marc:subfield code="4">aut</marc:subfield>
		</marc:datafield>
		<marc:datafield ind1="1" ind2="0" tag="245">
			<marc:subfield code="c">Franck Pavloff; lu par Jacques Bonnaffé, Denys Podalydès; projet sonore de Vincent Josse; musiques Christian Zanesi, Bruno Lefort</marc:subfield>
			<marc:subfield code="a">Matin brun</marc:subfield>
		</marc:datafield>
		<marc:datafield ind1="1" ind2=" " tag="700">
			<marc:subfield code="a">Bonaffé, Jacques</marc:subfield>
			<marc:subfield code="4">nrt</marc:subfield>
		</marc:datafield>
		<marc:datafield ind1="1" ind2=" " tag="700">
			<marc:subfield code="a">Podalydès, Denis (1963-....)</marc:subfield>
			<marc:subfield code="4">nrt</marc:subfield>
		</marc:datafield>
		<marc:datafield ind1="1" ind2=" " tag="700">
			<marc:subfield code="a">Zanési, Christian (1952-....)</marc:subfield>
			<marc:subfield code="4">cmp</marc:subfield>
		</marc:datafield>
		<marc:datafield ind1="1" ind2=" " tag="700">
			<marc:subfield code="a">Lefort, Bruno</marc:subfield>
			<marc:subfield code="4">cmp</marc:subfield>
		</marc:datafield>
		<marc:datafield ind1=" " ind2=" " tag="020">
			<marc:subfield code="c">4,01€</marc:subfield>
		</marc:datafield>
		<marc:datafield ind1="3" ind2=" " tag="260">
			<marc:subfield code="c">29/11/2002</marc:subfield>
			<marc:subfield code="b">Radio-France</marc:subfield>
			<marc:subfield code="a">Paris</marc:subfield>
		</marc:datafield>
		<marc:datafield ind1="0" ind2=" " tag="490">
			<marc:subfield code="a">Paroles</marc:subfield>
		</marc:datafield>
		<marc:datafield ind1="0" ind2="4" tag="650">
			<marc:subfield code="a">Documents sonores</marc:subfield>
		</marc:datafield>
		<marc:datafield ind1="0" ind2="4" tag="650">
			<marc:subfield code="a">Littérature moderne et contemporaine / Nouvelles et contes</marc:subfield>
		</marc:datafield>
	</marc:record>