
	<marc:record>
		<marc:leader>01598nam a2200277 i 4500</marc:leader>
		<marc:controlfield tag="001">123816</marc:controlfield>
		<marc:datafield ind1="1" ind2=" " tag="100">
			<marc:subfield code="a">Lambert, Nicole</marc:subfield>
			<marc:subfield code="4">aut</marc:subfield>
		</marc:datafield>
		<marc:datafield ind1="1" ind2="0" tag="245">
			<marc:subfield code="c">Nicole Lambert</marc:subfield>
			<marc:subfield code="a">Les triplés et les bonbons ; Les triplés et le mariage ; Les triplés et le monde moderne</marc:subfield>
			<marc:subfield code="p">Les triplés entre frères et soeurs; Les triplés et le monde moderne; Les triplés et le mariage; Les triplés et les bonbons</marc:subfield>
		</marc:datafield>
		<marc:datafield ind1=" " ind2=" " tag="020">
			<marc:subfield code="a">2-913389-21-X</marc:subfield>
			<marc:subfield code="c">28,00€</marc:subfield>
		</marc:datafield>
		<marc:datafield ind1="3" ind2=" " tag="260">
			<marc:subfield code="c">14/11/2002</marc:subfield>
			<marc:subfield code="b">N. Lambert</marc:subfield>
			<marc:subfield code="a">Paris</marc:subfield>
		</marc:datafield>
		<marc:datafield ind1=" " ind2=" " tag="300">
			<marc:subfield code="c">37cm</marc:subfield>
		</marc:datafield>
		<marc:datafield ind1="0" ind2="4" tag="650">
			<marc:subfield code="a">Albums</marc:subfield>
		</marc:datafield>
		<marc:datafield ind1="0" ind2="4" tag="650">
			<marc:subfield code="a">Bandes dessinées / Bandes dessinées</marc:subfield>
		</marc:datafield>
	</marc:record>