
	<marc:record>
		<marc:leader>01625nam a2200277 i 4500</marc:leader>
		<marc:controlfield tag="001">123843</marc:controlfield>
		<marc:datafield ind1="1" ind2="0" tag="240">
			<marc:subfield code="a">La Belle et la Bête</marc:subfield>
		</marc:datafield>
		<marc:datafield ind1="1" ind2=" " tag="100">
			<marc:subfield code="a">Leprince de Beaumont, Jeanne-Marie</marc:subfield>
			<marc:subfield code="4">aut</marc:subfield>
		</marc:datafield>
		<marc:datafield ind1="1" ind2=" " tag="700">
			<marc:subfield code="a">Claveloux, Nicole</marc:subfield>
			<marc:subfield code="4">ill</marc:subfield>
		</marc:datafield>
		<marc:datafield ind1="1" ind2="0" tag="245">
			<marc:subfield code="c">texte de Madame Leprince de Beaumont; images de Nicole Claveloux</marc:subfield>
			<marc:subfield code="a">La Belle et la Bête</marc:subfield>
		</marc:datafield>
		<marc:datafield ind1="1" ind2=" " tag="700">
			<marc:subfield code="a">Claveloux, Nicole (1940-....)</marc:subfield>
			<marc:subfield code="4">ill</marc:subfield>
		</marc:datafield>
		<marc:datafield ind1=" " ind2=" " tag="020">
			<marc:subfield code="a">2-84407-022-1</marc:subfield>
			<marc:subfield code="c">23,00€</marc:subfield>
		</marc:datafield>
		<marc:datafield ind1="3" ind2=" " tag="260">
			<marc:subfield code="c">25/10/2001</marc:subfield>
			<marc:subfield code="b">Etre</marc:subfield>
			<marc:subfield code="a">Paris</marc:subfield>
		</marc:datafield>
		<marc:datafield ind1=" " ind2=" " tag="300">
			<marc:subfield code="a">48</marc:subfield>
			<marc:subfield code="c">24cm</marc:subfield>
		</marc:datafield>
		<marc:datafield ind1="0" ind2="4" tag="650">
			<marc:subfield code="a">Contes et Légendes</marc:subfield>
		</marc:datafield>
		<marc:datafield ind1="0" ind2="4" tag="650">
			<marc:subfield code="a">Jeunesse - Eveil et Fiction / Contes</marc:subfield>
		</marc:datafield>
	</marc:record>