
	<marc:record>
		<marc:leader>01646nam a2200277 i 4500</marc:leader>
		<marc:controlfield tag="001">123864</marc:controlfield>
		<marc:datafield ind1="1" ind2="0" tag="240">
			<marc:subfield code="a">Le Petit Prince</marc:subfield>
		</marc:datafield>
		<marc:datafield ind1="1" ind2=" " tag="100">
			<marc:subfield code="a">Saint-Exupéry, Antoine de</marc:subfield>
			<marc:subfield code="4">aut</marc:subfield>
		</marc:datafield>
		<marc:datafield ind1="1" ind2="0" tag="245">
			<marc:subfield code="c">Antoine de Saint-Exupéry; adaptation et mise en scène Romain Victor-Pujebet</marc:subfield>
			<marc:subfield code="a">Le Petit Prince</marc:subfield>
		</marc:datafield>
		<marc:datafield ind1="1" ind2=" " tag="700">
			<marc:subfield code="a">Victor-Pujebet, Romain</marc:subfield>
			<marc:subfield code="4">adp</marc:subfield>
		</marc:datafield>
		<marc:datafield ind1=" " ind2=" " tag="020">
			<marc:subfield code="c">38,00€</marc:subfield>
		</marc:datafield>
		<marc:datafield ind1="3" ind2=" " tag="260">
			<marc:subfield code="c">26/05/2000</marc:subfield>
			<marc:subfield code="b">Gallimard</marc:subfield>
			<marc:subfield code="a">Paris</marc:subfield>
		</marc:datafield>
		<marc:datafield ind1="0" ind2="4" tag="650">
			<marc:subfield code="a">Multimédia</marc:subfield>
		</marc:datafield>
		<marc:datafield ind1="0" ind2="4" tag="650">
			<marc:subfield code="a">Romans</marc:subfield>
		</marc:datafield>
		<marc:datafield ind1="0" ind2="4" tag="650">
			<marc:subfield code="a">Jeunesse - Eveil et Fiction / Roman</marc:subfield>
		</marc:datafield>Machine: MAC ; Processeur: (Power Mac) ; Mémoire: 16 Mo ; Système: MAC OS 9 ; LecteurCD: Lecteur CD ; CarteVideo: milliers de couleurs
Multimédia interactif</marc:record>