
	<marc:record>
		<marc:leader>01661nam a2200277 i 4500</marc:leader>
		<marc:controlfield tag="001">123879</marc:controlfield>
		<marc:datafield ind1="1" ind2="0" tag="240">
			<marc:subfield code="a">Kirikou et la sorcière</marc:subfield>
		</marc:datafield>
		<marc:datafield ind1="1" ind2=" " tag="100">
			<marc:subfield code="a">Ocelot, Michel</marc:subfield>
			<marc:subfield code="4">aut</marc:subfield>
		</marc:datafield>
		<marc:datafield ind1="1" ind2="0" tag="245">
			<marc:subfield code="c">Michel Ocelot</marc:subfield>
			<marc:subfield code="a">Kirikou et la sorcière</marc:subfield>
		</marc:datafield>
		<marc:datafield ind1=" " ind2=" " tag="020">
			<marc:subfield code="a">2-84113-948-4</marc:subfield>
			<marc:subfield code="c">9,95€</marc:subfield>
		</marc:datafield>
		<marc:datafield ind1="3" ind2=" " tag="260">
			<marc:subfield code="c">01/09/1999</marc:subfield>
			<marc:subfield code="b">Milan</marc:subfield>
			<marc:subfield code="a">Toulouse</marc:subfield>
		</marc:datafield>
		<marc:datafield ind1=" " ind2=" " tag="300">
			<marc:subfield code="a">44</marc:subfield>
			<marc:subfield code="c">27cm</marc:subfield>
		</marc:datafield>
		<marc:datafield ind1="0" ind2="4" tag="650">
			<marc:subfield code="a">Jeunesse - Eveil et Fiction / Histoires en images</marc:subfield>
		</marc:datafield>
	</marc:record>