
	<marc:record>
		<marc:leader>01691nam a2200277 i 4500</marc:leader>
		<marc:controlfield tag="001">123909</marc:controlfield>
		<marc:datafield ind1="1" ind2="0" tag="240">
			<marc:subfield code="a">Placide et Gédéon</marc:subfield>
		</marc:datafield>
		<marc:datafield ind1="1" ind2=" " tag="100">
			<marc:subfield code="a">Rabier, Benjamin</marc:subfield>
			<marc:subfield code="4">aut</marc:subfield>
		</marc:datafield>
		<marc:datafield ind1="1" ind2="0" tag="245">
			<marc:subfield code="c">Benjamin Rabier</marc:subfield>
			<marc:subfield code="a">Placide et Gédéon</marc:subfield>
		</marc:datafield>
		<marc:datafield ind1=" " ind2=" " tag="020">
			<marc:subfield code="a">2-84230-042-4</marc:subfield>
			<marc:subfield code="c">13,20€</marc:subfield>
		</marc:datafield>
		<marc:datafield ind1="3" ind2=" " tag="260">
			<marc:subfield code="c">10/10/1997</marc:subfield>
			<marc:subfield code="b">Hoëbeke</marc:subfield>
			<marc:subfield code="a">Paris</marc:subfield>
		</marc:datafield>
		<marc:datafield ind1=" " ind2=" " tag="300">
			<marc:subfield code="a">48</marc:subfield>
			<marc:subfield code="c">32cm</marc:subfield>
		</marc:datafield>
		<marc:datafield ind1="0" ind2="4" tag="650">
			<marc:subfield code="a">Jeunesse - Eveil et Fiction / Histoires en images</marc:subfield>
		</marc:datafield>
	</marc:record>