
	<marc:record>
		<marc:leader>01742nam a2200277 i 4500</marc:leader>
		<marc:controlfield tag="001">123960</marc:controlfield>
		<marc:datafield ind1="1" ind2="0" tag="240">
			<marc:subfield code="a">Histoire de Babar</marc:subfield>
		</marc:datafield>
		<marc:datafield ind1="1" ind2=" " tag="100">
			<marc:subfield code="4">aut</marc:subfield>
			<marc:subfield code="a">Brunhoff, Jean de</marc:subfield>
		</marc:datafield>
		<marc:datafield ind1="1" ind2="0" tag="245">
			<marc:subfield code="c">Jean de Brunhoff</marc:subfield>
			<marc:subfield code="a">Histoire de Babar : le petit éléphant</marc:subfield>
		</marc:datafield>
		<marc:datafield ind1=" " ind2=" " tag="020">
			<marc:subfield code="a">2-01-016658-2</marc:subfield>
			<marc:subfield code="c">9,91€</marc:subfield>
		</marc:datafield>
		<marc:datafield ind1="3" ind2=" " tag="260">
			<marc:subfield code="c">01/01/1990</marc:subfield>
			<marc:subfield code="b">Hachette Jeunesse</marc:subfield>
			<marc:subfield code="a">Vanves (Hauts-de-Seine)</marc:subfield>
		</marc:datafield>
		<marc:datafield ind1=" " ind2=" " tag="300">
			<marc:subfield code="a">48</marc:subfield>
			<marc:subfield code="c">33cm</marc:subfield>
		</marc:datafield>
		<marc:datafield ind1="0" ind2="4" tag="650">
			<marc:subfield code="a">Eveil</marc:subfield>
		</marc:datafield>
		<marc:datafield ind1="0" ind2="4" tag="650">
			<marc:subfield code="a">Jeunesse - Eveil et Fiction / Histoires en images</marc:subfield>
		</marc:datafield>
	</marc:record>