
	<marc:record>
		<marc:leader>01760nam a2200277 i 4500</marc:leader>
		<marc:controlfield tag="001">123978</marc:controlfield>
		<marc:datafield ind1="1" ind2="0" tag="240">
			<marc:subfield code="a">Cyrano de Bergerac</marc:subfield>
		</marc:datafield>
		<marc:datafield ind1="1" ind2=" " tag="100">
			<marc:subfield code="a">Rostand, Edmond</marc:subfield>
			<marc:subfield code="4">aut</marc:subfield>
		</marc:datafield>
		<marc:datafield ind1="1" ind2="0" tag="245">
			<marc:subfield code="c">Edmond Rostand; dessins Lionel Garcia, Michel Rodrigue, Jean-Claude Vruble; présentation Jacques Weber</marc:subfield>
			<marc:subfield code="a">Cyrano de Bergerac</marc:subfield>
		</marc:datafield>
		<marc:datafield ind1="1" ind2=" " tag="700">
			<marc:subfield code="a">Garcia, Lionel E.</marc:subfield>
			<marc:subfield code="4">ill</marc:subfield>
		</marc:datafield>
		<marc:datafield ind1="1" ind2=" " tag="700">
			<marc:subfield code="a">Rodrigue, Michel (1961-....)</marc:subfield>
			<marc:subfield code="4">ill</marc:subfield>
		</marc:datafield>
		<marc:datafield ind1="1" ind2=" " tag="700">
			<marc:subfield code="a">Vruble, Jean-Claude</marc:subfield>
			<marc:subfield code="4">ill</marc:subfield>
		</marc:datafield>
		<marc:datafield ind1=" " ind2=" " tag="020">
			<marc:subfield code="a">2-86967-017-6</marc:subfield>
			<marc:subfield code="c">19,67€</marc:subfield>
		</marc:datafield>
		<marc:datafield ind1="3" ind2=" " tag="260">
			<marc:subfield code="c">01/01/1986</marc:subfield>
			<marc:subfield code="b">Vents d'ouest</marc:subfield>
			<marc:subfield code="a">Issy-les-Moulineaux (Hauts-de-Seine)</marc:subfield>
		</marc:datafield>
		<marc:datafield ind1=" " ind2=" " tag="300">
			<marc:subfield code="a">121</marc:subfield>
			<marc:subfield code="c">33cm</marc:subfield>
		</marc:datafield>
		<marc:datafield ind1="0" ind2="4" tag="650">
			<marc:subfield code="a">Albums</marc:subfield>
		</marc:datafield>
		<marc:datafield ind1="0" ind2="4" tag="650">
			<marc:subfield code="a">Bandes dessinées / Bandes dessinées</marc:subfield>
		</marc:datafield>
	</marc:record>