
	<marc:record>
		<marc:leader>01785nam a2200277 i 4500</marc:leader>
		<marc:controlfield tag="001">124003</marc:controlfield>
		<marc:datafield ind1="1" ind2="0" tag="240">
			<marc:subfield code="a">Mondo</marc:subfield>
		</marc:datafield>
		<marc:datafield ind1="1" ind2=" " tag="100">
			<marc:subfield code="4">aut</marc:subfield>
			<marc:subfield code="a">Le Clézio, Jean-Marie Gustave</marc:subfield>
		</marc:datafield>
		<marc:datafield ind1="1" ind2="0" tag="245">
			<marc:subfield code="c">J.M.G. Le Clézio</marc:subfield>
			<marc:subfield code="a">Mondo : et autres histoires</marc:subfield>
			<marc:subfield code="p">Hazaran; Celui qui n'avait jamais vu la mer; Lullaby; Peuple du ciel; La montagne du dieu vivant; Mondo; Les bergers; La roue d'eau</marc:subfield>
		</marc:datafield>
		<marc:datafield ind1=" " ind2=" " tag="020">
			<marc:subfield code="a">2-07-037365-7</marc:subfield>
			<marc:subfield code="c">8,00€</marc:subfield>
		</marc:datafield>
		<marc:datafield ind1="3" ind2=" " tag="260">
			<marc:subfield code="c">01/01/1982</marc:subfield>
			<marc:subfield code="b">Gallimard</marc:subfield>
			<marc:subfield code="a">Paris</marc:subfield>
		</marc:datafield>
		<marc:datafield ind1="0" ind2=" " tag="490">
			<marc:subfield code="a">Folio</marc:subfield>
		</marc:datafield>
		<marc:datafield ind1=" " ind2=" " tag="300">
			<marc:subfield code="c">18cm</marc:subfield>
		</marc:datafield>
		<marc:datafield ind1="0" ind2="4" tag="650">
			<marc:subfield code="a">Poche</marc:subfield>
		</marc:datafield>
		<marc:datafield ind1="0" ind2="4" tag="650">
			<marc:subfield code="a">Romans et nouvelles français</marc:subfield>
		</marc:datafield>
		<marc:datafield ind1="0" ind2="4" tag="650">
			<marc:subfield code="a">Littérature moderne et contemporaine / Nouvelles et contes</marc:subfield>
		</marc:datafield>
	</marc:record>